@report{evosim,
	author = {Nils Schlatter, Jan Obermeier},
	title = {EvoSim},
	type = {Projektarbeit},
	institution = {NKSA},
	pages = {1-12},
	year = {2018},
}

@online{deepshroom,
	author = {Teemu Koivisto, Tuomo Nieminen, Jonas Harjunpää},
	title = {Deep Shrooms},
	howpublished = {https://tuomonieminen.github.io/deep-shrooms/},
	year = {2017},
	note = {Abgerufen am 25.07.2018},
	
}


@online{deepblue,
	author = {Wikipedia},
	title = {Deep Blue},
	howpublished = {https://en.wikipedia.org/wiki/Deep\_Blue\_(chess\_computer)},
	note = {Abgerufen am 09.08.2018},
	year = {2017},
	
}

@online{theguardian,
author = {Steven Borowiec},
title = {AlphaGo seals 4-1 victory over Go grandmaster Lee Sedol},
howpublished = {https://www.theguardian.com/technology/2016/mar/15/googles-alphago-seals-
4-1-victory-over-grandmaster-lee-sedol},
year = {2016},
note = {Abgerufen am 09.08.2018},

}

@online{alphago,
	author = {AlphaGo},
	howpublished = {https://deepmind.com/research/alphago/},
	year = {2017},
	note = {Abgerufen am 30.07.2018},
}

@online{atoms,
	author = {Wikipedia},
	title = {Oberservable Universe},
	howpublished = {https://en.wikipedia.org/wiki/Observable\_universe},
	chapter = {Matter content – number of atoms},
	note = {Abgerufen am 30.07.2018},
}

@online{shannon,
	author = {Wikipedia},
	title = {Shannon number},
	howpublished = {https://en.wikipedia.org/wiki/Shannon\_number},
	note = {Abgerufen am 30.07.2018},
}


@online{howtogo,
	author = {British Go Association},
	title = {Play Go},
	howpublished = {https://www.britgo.org/files/pubs/playgo.pdf},
	year = {2014},
	note = {Abgerufen am 30.07.2018},
}

@online{deepfake,
	author = {anonym},
	title = {Deepfake},
	howpublished = {https://www.deepfakes.club/},
	year = {2017},
	note = {Abgerufen am 09.08.2018},
}

@online{openai,
	title = {OpenAI Five},
	howpublished = {https://blog.openai.com/openai-five/},
	year = {2018},
	note = {Abgerufen am 09.08.2018},
}

