@report{1,
	author = {Nils Schlatter, Jan Obermeier},
	title = {EvoSim},
	type = {Projektarbeit},
	institution = {NKSA},
	date = {2017-2018},
}
